<?xml version="1.0" encoding="UTF-8"?><record xmlns="http://www.loc.gov/MARC21/slim" xmlns:cinclude="http://apache.org/cocoon/include/1.0" xmlns:zs="http://www.loc.gov/zing/srw/">
  <leader>00769cz  a2200157n  4500</leader>
  <controlfield tag="001">n  97047998 </controlfield>
  <controlfield tag="003">DLC</controlfield>
  <controlfield tag="005">20130308100925.0</controlfield>
  <controlfield tag="008">970507n| azannaab           |a aaa      </controlfield>
  <datafield tag="010" ind1=" " ind2=" ">
    <subfield code="a">n  97047998 </subfield>
  </datafield>
  <datafield tag="040" ind1=" " ind2=" ">
    <subfield code="a">DLC</subfield>
    <subfield code="b">eng</subfield>
    <subfield code="e">rda</subfield>
    <subfield code="c">DLC</subfield>
    <subfield code="d">DLC</subfield>
  </datafield>
  <datafield tag="100" ind1="1" ind2=" ">
    <subfield code="a">Morier, James Justinian,</subfield>
    <subfield code="d">1780?-1849.</subfield>
    <subfield code="t">Second journey through Persia, Armenia, and Asia Minor to Constaninople, between the years 1810 and 1816.</subfield>
    <subfield code="k">Selections.</subfield>
    <subfield code="l">Italian</subfield>
  </datafield>
  <datafield tag="377" ind1=" " ind2=" ">
    <subfield code="a">ita</subfield>
  </datafield>
  <datafield tag="400" ind1="1" ind2=" ">
    <subfield code="a">Morier, James Justinian,</subfield>
    <subfield code="d">1780?-1849.</subfield>
    <subfield code="t">Gulista휍혖n, ovvero, Il paese delle rose</subfield>
  </datafield>
  <datafield tag="400" ind1="1" ind2=" ">
    <subfield code="w">nnea</subfield>
    <subfield code="a">Morier, James Justinian,</subfield>
    <subfield code="d">1780?-1849.</subfield>
    <subfield code="t">Second journey through Persia, Armenia, and Asia Minor to Constaninople, between the years 1810 and 1816.</subfield>
    <subfield code="l">Italian.</subfield>
    <subfield code="k">Selections</subfield>
  </datafield>
  <datafield tag="670" ind1=" " ind2=" ">
    <subfield code="a">Gulista휍혖n, ovvero, Il paese delle rose, c1987.</subfield>
  </datafield>
</record>